<collection xmlns="http://www.loc.gov/MARC21/slim">
<record>
  <leader>01315nam0a2200265 i 450 </leader>
  <controlfield tag="001">IT\ICCU\CNCE\035143</controlfield>
  <controlfield tag="005">20130726000000.0</controlfield>
  <datafield tag="012" ind1=" " ind2=" ">
    <subfield code="a">n-t. e.u- sias tiVi (3) 1592 (A)</subfield>
    <subfield code="2">fei</subfield>
  </datafield>
  <datafield tag="100" ind1=" " ind2=" ">
    <subfield code="a">19980109d1592        0itac0103    ba</subfield>
  </datafield>
  <datafield tag="101" ind1=" " ind2=" ">
    <subfield code="a">LAT</subfield>
  </datafield>
  <datafield tag="102" ind1=" " ind2=" ">
    <subfield code="a">IT</subfield>
  </datafield>
  <datafield tag="200" ind1="1" ind2=" ">
    <subfield code="a">Ordines circa solutiones faciendas in causis fori episcopalis Cremonae. Editi ab illustriss. et reuerendiss.d.d. Caesare Speciano episcopo, &amp; comite Cremonae. Etiam ex permissu, et auctoritate Sanctae Sedis apostolicae specialiter concessa</subfield>
  </datafield>
  <datafield tag="210" ind1=" " ind2=" ">
    <subfield code="a">Cremonae</subfield>
    <subfield code="c">apud Christoforum Draconium</subfield>
    <subfield code="d">1592</subfield>
  </datafield>
  <datafield tag="215" ind1=" " ind2=" ">
    <subfield code="a">19, \1! p.</subfield>
    <subfield code="d">16ʻ</subfield>
  </datafield>
  <datafield tag="620" ind1=" " ind2=" ">
    <subfield code="a">IT</subfield>
    <subfield code="d">Cremona</subfield>
  </datafield>
  <datafield tag="700" ind1=" " ind2="1">
    <subfield code="a">Speciano,</subfield>
    <subfield code="b">Cesare</subfield>
    <subfield code="3">IT\ICCU\CNCA\004388</subfield>
  </datafield>
  <datafield tag="712" ind1="0" ind2="0">
    <subfield code="a">Draconi, Cristoforo</subfield>
    <subfield code="3">IT\ICCU\CNCT\000063</subfield>
    <subfield code="4">650</subfield>
  </datafield>
  <datafield tag="790" ind1=" " ind2="1">
    <subfield code="a">Specianus,</subfield>
    <subfield code="b">Caesar</subfield>
    <subfield code="3">IT\ICCU\CNCA\024335</subfield>
    <subfield code="z">Speciano, Cesare</subfield>
  </datafield>
  <datafield tag="790" ind1=" " ind2="1">
    <subfield code="a">Spetianus,</subfield>
    <subfield code="b">Caesar</subfield>
    <subfield code="3">IT\ICCU\CNCA\024336</subfield>
    <subfield code="z">Speciano, Cesare</subfield>
  </datafield>
  <datafield tag="790" ind1=" " ind2="1">
    <subfield code="a">Speciani,</subfield>
    <subfield code="b">Cesare</subfield>
    <subfield code="3">IT\ICCU\CNCA\026104</subfield>
    <subfield code="z">Speciano, Cesare</subfield>
  </datafield>
  <datafield tag="790" ind1=" " ind2="1">
    <subfield code="a">Speziani,</subfield>
    <subfield code="b">Cesare</subfield>
    <subfield code="3">IT\ICCU\CNCA\026105</subfield>
    <subfield code="z">Speciano, Cesare</subfield>
  </datafield>
  <datafield tag="791" ind1="0" ind2="0">
    <subfield code="a">Dragoni, Cristoforo</subfield>
    <subfield code="3">IT\ICCU\CNCT\003781</subfield>
    <subfield code="z">Draconi, Cristoforo</subfield>
  </datafield>
  <datafield tag="791" ind1="0" ind2="0">
    <subfield code="a">Draconius, Christophorus</subfield>
    <subfield code="3">IT\ICCU\CNCT\004736</subfield>
    <subfield code="z">Draconi, Cristoforo</subfield>
  </datafield>
  <datafield tag="801" ind1=" " ind2="3">
    <subfield code="a">IT</subfield>
    <subfield code="b">ICCU</subfield>
    <subfield code="c">20201114</subfield>
  </datafield>
  <datafield tag="899" ind1=" " ind2=" ">
    <subfield code="a">Biblioteca del Seminario vescovile Santa Maria della Pace. Cremona</subfield>
    <subfield code="1">CR0061</subfield>
    <subfield code="2">PBE 48</subfield>
  </datafield>
</record>
</collection>
